<?xml version="1.0" encoding="UTF-8"?><collection xmlns="http://www.loc.gov/MARC21/slim"><record><leader>00428nam--2200133-i-4500</leader><controlfield tag="001">000032395</controlfield><controlfield tag="002">20161230</controlfield><controlfield tag="005">20161230201039</controlfield><controlfield tag="008">060222s1000------------r-----000-0-eng-d</controlfield><datafield ind1=" " ind2=" " tag="080"><subfield code="a">621.3.011.71</subfield></datafield><datafield ind1=" " ind2=" " tag="245"><subfield code="a">Proiectarea asistata de calculator  a sistemelor electronice</subfield></datafield><datafield ind1=" " ind2=" " tag="260"><subfield code="a">Bucuresti, Ed.Academiei Republicii Socialiste Romania, 1977, 265p</subfield></datafield><datafield ind1=" " ind2=" " tag="700"><subfield code="a">Nicolau, Edm., Ionescu, R., Mirea, A.Si Vasilescu, G</subfield></datafield><datafield ind1=" " ind2=" " tag="852"><subfield code="a">44269</subfield></datafield></record></collection>